2164 3241
180 346 332 400 bant.
358 344 576 418 Superne
588 347 797 402 stemma
822 349 1025 405 familiae
1039 303 1547 422 Montieinferneiini

181 440 362 493 terpres
385 421 581 477 distichi
605 426 847 499 Elogium
868 428 1120 499 pendebat
1142 470 1153 481 .
1190 431 1547 503 Symbolaasub

179 500 374 555 basibus
399 501 549 572 Vtriq5
575 502 833 574 fignorum
856 504 1206 576 respondentia
1226 549 1236 558 .
1278 510 1370 562 Sed
1396 515 1546 564 Tem*

179 579 427 648 pestatum
457 578 774 650 singularum*
799 601 903 635 vna.
923 580 1208 636 methodus
1233 625 1243 635 .
1299 587 1545 660 Surgebat

180 654 234 706 in
259 654 425 707 fronte
449 654 558 724 pilae
579 654 859 710 colosseum.
879 657 1077 731 signum
1094 658 1192 712 raere
1212 663 1379 731 praefu'l
1386 683 1508 735 gens
1530 680 1547 724 ,’

180 731 412 784 medium
431 732 563 784 inter
575 731 846 787 columnas
867 752 1041 789 teretes
1072 737 1430 807 (Tempestatis
1444 738 1549 793 lii-c.

180 827 328 881 typus
349 807 478 870 erat)
501 807 693 879 insigne
706 810 987 882 Dignitatis
1015 813 1212 865 dextera
1237 814 1545 884 protendens

181 905 363 944 manu,
390 884 510 936 laeua
527 885 763 940 natiuum
785 926 794 936 .
835 886 1548 953 *Distichoinse-ribebaturad

179 960 530 1033 Virgilianum
559 960 685 1013 item
717 961 1014 1031 alludente.
1073 964 1308 1018 Faciebat
1342 968 1550 1026 coroni-f

180 1037 297 1090 dem
310 1036 594 1095 Emblema³
608 1035 831 1110 figuram
844 1039 1089 1094 ‘exhibens
1114 1050 1173 1092 ex
1195 1042 1298 1111 ipsa
1312 1045 1553 1115 Tempes-¹

180 1132 282 1170 tate
306 1115 556 1186 quaefitam
572 1154 585 1173 ,
605 1134 725 1169 cum
742 1114 966 1169 subiesto
990 1116 1214 1170 carmine
1239 1155 1253 1167 .
1286 1118 1546 1174 >Caeterum

180 1191 283 1262 pila
308 1192 447 1244 vario
476 1191 586 1245 lusu
611 1193 764 1245 Poesis
793 1235 805 1254 ‚
845 1215 902 1247 ac
928 1191 1346 1247 Pisturaezcircum
1371 1196 1552 1249 distin-

184 1265 434 1340 guebatur
457 1269 509 1320 in
536 1269 703 1321 fronte
727 1290 741 1320 ·.
782 1274 917 1334 Inter
937 1269 1034 1323 hos
1061 1270 1152 1323 tria
1176 1269 1410 1342 symbola
1438 1273 1469 1336 (
1488 1274 1553 1327 fic

186 1343 352 1414 placet
376 1345 622 1415 appellare
651 1383 665 1403 ,
702 1365 792 1417 pro
816 1347 1001 1418 quibus
1024 1346 1262 1406 nonnulli
1295 1349 1557 1419 Imprefias

182 1419 451 1489 ‘vsurpant)
473 1422 562 1473 tria
576 1462 588 1481 ,
614 1422 845 1493 inquam2
861 1422 1094 1496 symbola
1115 1422 1333 1478 totidem
1353 1426 1551 1496 respon—

177 1495 352 1548 dentia
373 1496 623 1550 menfibus
647 1501 1050 1570 Tempestatum.
1092 1498 1210 1552 Hae‘c
1237 1502 1551 1573 generatim,

176 1574 231 1622 δε
250 1570 311 1622 ad
329 1571 464 1625 Aulae
484 1591 724 1626 ornatum
738 1613 751 1626 .
794 1580 837 1626 A
856 1594 998 1649 tergo
1019 1577 1177 1649 igitur
1191 1576 1420 1646 pilae,·vbi
1434 1598 1546 1648 por-

180 1647 308 1700 ticus
350 1668 594 1719 perpetuo
641 1655 801 1702 tractu
843 1653 1139 1721 Templum·
1165 1652 1334 1716 *ambit
1356 1693 1368 1711 ‚
1411 1654 1546 1708 sedes

178 1723 564 1778 Confessionum
588 1764 603 1783 ,
641 1746 762 1797 quas
805 1727 1025 1779 diximus
1052 1769 1065 1788 ‚
1105 1726 1266 1780 aulaeis
1316 1727 1547 1784 obduchae

178 1800 426 1873 praebuere
450 1805 693 1874 'campum
720 1804 974 1874 quaternis
1007 1823 1093 1876 per
1118 1803 1410 1875 Dignitates
1429 1806 1545 1858 Vir-

178 1877 396 1938 tutibus,
412 1899 470 1933 ex
496 1899 712 1933 numero
740 1878 1179 1947 hebdomadarum
1201 1921 1212 1940 ‚
1236 1879 1421 1952 quibus
1446 1881 1548 1935 fere

178 1956 374 2007 constat
396 1956 573 2008 menfis
593 1979 602 2006 :
636 1955 965 2026 inscriptione
989 1958 1195 2028 desuper
1215 1960 1273 2009 ex
1299 1959 1551 2012 anteriore

181 2031 378 2085 fornice
413 2032 720 2086 imminente
745 2070 758 2084 .
791 2033 933 2085 Ordo
957 2031 1078 2087 vero
1098 2033 1355 2106 sigillatim
1379 2032 1547 2087 huius

178 2107 325 2160 modi
346 2149 356 2159 .
394 2108 468 2161 Ad
488 2108 701 2162 aediculae
719 2109 969 2163 fornicem
993 2127 1141 2182 typus
1165 2110 1379 2162 Virtutis
1402 2111 1456 2162 in
1481 2129 1550 2165 ta-

183 2184 307 2237 bula
330 2183 561 2237 medium
585 2184 787 2238 tenebat
808 2187 1024 2256 spatium
1039 2223 1056 2237 .
1073 2185 1428 2257 Respondebat
1441 2186 1550 2241 sub-

182 2262 374 2314 iectum
395 2260 701 2333 Symbolum
725 2302 736 2321 ‚
759 2261 917 2335 figura
937 2261 1243 2333 Tempestati
1267 2282 1550 2338 congruen-

185 2354 236 2391 te
257 2379 267 2389 .
311 2337 388 2390 Ad
410 2338 830 2408 perpendiculum
853 2343 1071 2400 Herma,
1102 2339 1186 2391 seu
1206 2339 1362 2391 statua
1383 2345 1552 2410 pecto-

183 2434 236 2468 re
261 2431 405 2468 tenus
430 2452 445 2471 ,
486 2413 771 2488 imaginem
811 2415 1024 2469 referens
1054 2416 1202 2470 Vnius
1242 2434 1300 2467 ex
1332 2417 1551 2487 Montijs

185 2488 462 2567 gentilibus
483 2531 496 2550 ,
528 2491 789 2562 superioris
825 2492 1024 2557 virtutis
1058 2491 1222 2565 gloria
1253 2492 1514 2562 conspicui
1539 2516 1549 2543 ε

184 2565 453 2642 Stylobatae
470 2566 810 2632 innitebatur,
838 2571 893 2624 in
913 2588 1020 2641 quo
1040 2568 1258 2623 incisum
1278 2568 1520 2640 Elogium
1535 2607 1548 2624 .

279 2656 282 2662 ’
413 2652 433 2674 ”
916 2651 960 2701 A
1044 2667 1067 2707 3
1230 2644 1475 2714 Denique
