2164 3241
1481 360 1510 398 '3

225 419 392 467 currat
412 404 632 474 porticus
654 409 716 462 ad
739 408 955 483 longum
976 410 1113 464 oculi
1149 407 1471 466 conieci-um:
1512 413 1593 475 ὃς

222 484 368 561 quod
390 502 602 537 omnem
623 485 815 557 superat
829 487 943 538 artis
959 486 1416 560 industriam,vbiq,·
1434 492 1588 544 Sacel-

227 567 280 620 lo
306 563 602 618 terminetur
622 564 904 633 prospectus
927 603 939 622 ,
974 560 1297 634 praeterquam
1321 566 1373 616 in
1401 566 1559 619 valuis
1575 608 1587 626 ‚

227 663 335 716 quae
352 638 554 708 Templi
573 639 769 692 aditum
790 640 938 692 instar
954 639 1149 708 Basilice
1171 639 1362 694 duabus
1382 661 1589 695 conten-

230 739 286 774 tae
305 713 582 789 porticibus
600 716 938 785 patefaciunt.
972 718 1250 787 Itaq5quod
1269 717 1399 769 inter
1422 720 1587 771 mino-

228 816 301 850 res
321 793 536 848 fornices
557 790 611 842 in
625 792 853 844 interiori
869 794 1070 861 parietis
1089 811 1353 846 curuatura
1375 788 1591 847 excurrit

226 866 660 943 spatium,Sacellis
681 867 901 936 aperitur
919 888 1005 938 per
1022 869 1142 921 aedes
1157 869 1378 921 maxime
1391 890 1591 940 capaces

225 944 468 1018 dispositis
483 984 493 998 ,
520 943 653 996 Infra
672 942 886 995 fornices
905 944 1118 998 aediculae
1131 964 1386 1002 cameratae
1401 948 1588 1019 vtrinq3

206 1019 402 1097 'patent
427 1020 487 1072 ad
518 1018 668 1074 sacras
693 1018 1037 1073 Confeffiones
1057 1059 1068 1076 ‚
1092 1021 1327 1073 structura
1351 1020 1559 1093 quidem
1577 1063 1589 1081 ,

225 1105 281 1153 ὃς
320 1096 675 1169 magnitudine
711 1094 909 1165 reliquo
945 1095 1095 1147 molis
1140 1094 1275 1147 haud
1292 1117 1295 1119 “
1315 1096 1556 1151 absimili.

224 1176 317 1229 Sed
347 1171 453 1224 non
474 1192 530 1224 ea
559 1190 701 1223 mens
725 1171 791 1222 est
817 1171 985 1223 exacte
1007 1172 1198 1244 singula
1231 1173 1588 1246 persequendi.

223 1253 360 1304 Sicut
377 1250 515 1301 enim
530 1246 647 1300 alias
662 1265 840 1299 manus
850 1250 982 1300 Tem
988 1247 1130 1318 plum
1150 1267 1206 1300 ex
1211 1252 1387 1318 pectam
1403 1250 1587 1320 quibus

226 1325 514 1380 absoluatur
538 1347 547 1374 :
581 1322 644 1375 fic
659 1360 671 1379 ,
696 1340 750 1375 vt
770 1322 932 1396 digno
954 1323 1259 1376 describatur
1280 1322 1561 1380 charactere
1576 1367 1591 1387 ‚

224 1399 380 1474 longe
398 1400 535 1452 aliud
553 1398 773 1468 exposcit
797 1398 1065 1470 ingenium
1081 1438 1094 1451 .
1135 1404 1216 1453 Sat
1233 1401 1385 1453 fuerit
1400 1403 1460 1453 acl
1480 1423 1587 1456 rem

222 1478 527 1549 praesentem,
547 1476 560 1525 i
567 1474 692 1544 pfius
708 1474 908 1543 Templi
934 1479 1131 1533 Aream,
1148 1477 1469 1536 Pofitionemf.
1481 1478 1587 1531 Ich-

225 1548 588 1625 nographiam,
622 1549 904 1620 membraq5
926 1552 1168 1621 praecipua
1191 1551 1402 1605 retuliffe
1420 1596 1432 1614 ,
1476 1575 1585 1626 quae

221 1628 444 1682 Theatro
461 1625 669 1678 Montio
687 1644 924 1694 campum
943 1645 1272 1695 aperuerunt.
1306 1630 1352 1680 Si
1375 1632 1585 1699 quidem

221 1703 407 1758 aedibus
439 1702 614 1753 nostris
648 1698 880 1753 nondum
914 1698 1007 1752 rite
1027 1704 1258 1755 exn-ustis
1289 1742 1302 1762 ,
1346 1724 1400 1757 vt
1421 1708 1587 1759 nullus

222 1778 339 1833 ideo
356 1780 455 1831 fiue
473 1779 526 1828 in
540 1777 768 1834 Claustro
781 1818 792 1834 ,
808 1778 906 1831 siue
929 1778 1084 1831 etiam
1110 1780 1160 1830 in
1177 1782 1458 1852 Gymnafio
1481 1785 1587 1853 sup,

221 1873 409 1929 peteret
432 1855 571 1907 locus
589 1871 733 1906 tantae
752 1873 904 1924 capax
922 1854 1285 1923 Amplitudinis
1309 1859 1429 1926 (qui
1448 1855 1588 1911 enim

222 1932 304 1987 vel
321 1930 510 2002 publici
528 1935 727 1982 Penates
747 1934 983 1984 Monvtem
997 1931 1199 2000 capiant
1216 1932 1265 1996 Ρ)
1293 1932 1483 1987 submit
1501 1941 1584 1987 Pa-

224 2008 406 2066 tribus,
431 2006 705 2076 Templum
728 2006 891 2075 ipsum
912 2006 1153 2059 destinare
1172 2049 1183 2067 ‚
1213 2008 1455 2080 perquam
1482 2013 1589 2063 iclo-

223 2103 382 2138 neum
402 2083 590 2139 ratis,in
608 2082 726 2134 loco
738 2085 883 2134 Sacro
897 2085 1152 2135 Sacratum
1175 2084 1374 2137 laudare
1388 2086 1554 2139 virum
1574 2128 1586 2147 ,

223 2166 279 2214 ὃς
310 2157 506 2210 Montis
534 2159 813 2211 vastitatem
841 2157 1104 2211 vastiffimo
1146 2160 1255 2213 finu
1291 2163 1591 2233 complecti,

224 2236 349 2290 Loci
376 2235 533 2307 igitur
559 2235 686 2287 ratio
709 2252 814 2285 non
843 2233 945 2286 tam
968 2233 1132 2295 suasit,
1155 2233 1309 2308 quam
1334 2239 1504 2311 adegit
1523 2244 1586 2294 ad

224 2333 351 2384 opus
369 2311 791 2383 quadripartitum
818 2310 1157 2372 excitandum,
1178 2330 1286 2384 vtqz
1298 2318 1595 2385 praepostero'

223 2390 403 2443 ordine
431 2404 790 2459 argumentum
818 2386 1011 2439 theatro
1035 2428 1046 2447 ‚
1087 2408 1192 2440 non
1229 2389 1481 2444 theatrum
1520 2414 1591 2445 ar„

225 2482 476 2540 gumento
510 2463 712 2516 seruiret
733 2502 744 2512 .
799 2464 1019 2516 Tametsi
1062 2463 1116 2517 in
1152 2465 1292 2538 sylua
1335 2467 1586 2539 frequenti

225 2537 373 2595 facile
397 2558 631 2612 prompta
655 2540 721 2592 est
741 2538 1000 2610 quibusuis
1025 2538 1272 2594 machinis
1297 2562 1587 2612 opportuna

228 2618 484 2674 materies.
527 2621 598 2670 Ac
621 2612 731 2671 tum
749 2616 959 2687 quidem
982 2615 1290 2679 oblatarsunt
1306 2618 1514 2673 clariora
1537 2641 1595 2674 ea

994 2695 1036 2744 A
1117 2711 1139 2743 2
1304 2694 1517 2748 nomina
