2164 3241
240 408 523 483 fitionis:
557 436 684 483 nec
707 409 741 483 'a
766 410 981 513 priore
1014 404 1294 512 quidem
1326 406 1613 486 recedit·

237 522 621 631 bubrogato
649 518 938 598 Vrbano
968 584 986 608 ,
1031 529 1226 599 tertiae
1249 526 1436 598 simui
1463 554 1612 630 pro-

237 647 465 717 uinciae
484 642 714 715 locum
745 635 1296 745 facit,adscriptus
1329 648 1390 716 in
1414 647 1613 720 Con-

236 761 699 865 gregationem
740 753 826 828 de
881 752 1324 861 Propaganda
1368 753 1507 830 fide
1535 812 1554 831 .

236 882 428 955 Mox
491 897 797 975 quartam
862 872 1247 947 accumulat
1318 882 1374 948 A
1396 865 1614 946 ss'ess'or

236 986 608 1062 vniuersalis
644 986 1085 1088 Inquisltionis
1122 1039 1139 1056 .
1218 984 1389 1061 Inde
1429 988 1614 1093 lapio

235 1107 524 1179 triennio
557 1159 577 1184 ,
630 1102 936 1178 Nuntius
980 1105 1383 1175 renuntiatur
1425 1104 1610 1179 Nea-

236 1219 571 1325 politanus
615 1275 631 1290 .
720 1217 860 1290 Vix
888 1220 1042 1290 anni
1090 1216 1434 1292 interstitio
1463 1276 1484 1301 ,
1543 1224 1609 1292 in

236 1333 610 1439 Hispanias
651 1336 889 1436 migrat
925 1332 1232 1407 Nuntius
1254 1330 1435 1437 apud
1463 1335 1609 1411 Ca-

238 1448 571 1526 tholicum
614 1445 1075 1525 Monarcham
1123 1447 1610 1524 Extraordina·

233 1569 381 1646 rius,
410 1559 1002 1639 extraordinarium
1034 1562 1230 1668 plane
1257 1572 1610 1669 negotium

236 1674 532 1755 obiturus
557 1737 578 1760 ,
608 1674 743 1751 hoc
773 1679 867 1754 est
897 1679 1267 1752 Mantuani
1309 1674 1457 1753 belli
1501 1710 1610 1756 ex-

234 1799 636 1870 tinffionem
669 1853 689 1875 ,
741 1789 925 1867 vnde
957 1793 1253 1896 Eurnpae
1280 1849 1295 1879 ,
1328 1824 1411 1869 ne
1437 1795 1610 1872 dum

234 1908 427 2008 Italie
449 1906 715 1982 summa
739 1902 1083 2014 pendebat
1101 1965 1115 1981 .
1145 1910 1324 1985 Haee
1345 1916 1497 1987 verb
1520 1909 1609 1987 ad

236 2021 592 2099 biennium
637 2029 1023 2129 prouincia,
1068 2024 1426 2129 sane,qub
1468 2025 1612 2103 diu-

234 2145 513 2221 turnior,
542 2144 625 2215 εὸ
668 2138 1004 2217 illustrior.
1070 2138 1230 2229 Qua
1263 2150 1516 2225 exasta,
1544 2148 1611 2216 in

236 2254 680 2332 Eminentiss.
714 2253 1065 2362 l’amphilij
1099 2251 1269 2330 subit
1289 2255 1607 2363 gradum,

237 2371 550 2448 Nuntius
591 2371 1003 2476 Hispanicus
1035 2367 1438 2448 Ordmarius
1464 2431 1482 2454 ,
1530 2403 1614 2448 ac

239 2484 617 2561 'patriarcha
644 2484 1144 2562 Antiochenus:
1179 2486 1480 2594 Qndq3
1515 2495 1610 2562 in-

238 2598 496 2679 uidiam
522 2601 738 2709 ipsam
764 2606 971 2678 vineit
996 2664 1015 2687 ,
1060 2607 1190 2679 vnit
1216 2632 1374 2680 cum
1415 2608 1611 2680 Parn-

1101 2712 1130 2762 b
1410 2716 1547 2780 Philto
